@article{book,
  title={The art of computer system performance analysis: techniques for experimental design, measurement, simulation and modeling},
  author={Jain, Raj},
  journal={New York: John Willey},
  year={1991}
}
@misc{ms1,
  Author = {Karimi Mahabadi, Rabeeh},
  Institution = {ETH ZÃ¼rich},
  Howpublished = {Project Report},
  Year = {2015},
  Title = {Advanced Systems Lab Report Milestone 1}
}
